@article{example,
    journal = {Discrete Applied Mathematics},
    shortjournal = {Discrete Appl. Math.},
    issn = {0166-218X},
    number = {1-3},
    author = {Y. Crama and J. Klundert and F. Spieksma},
    title = {Production planning problems in printed circuit board assembly},
    publisher = {Elsevier BV},
    language = {en},
    year = {2002},
    month = {11},
    volume = {123},
    pages = {339--361},
    doi = {10.1016/S0166-218X(01)00345-6},
    url = {https://linkinghub.elsevier.com/retrieve/pii/S0166218X01003456},
    urldate = {2025-05-01}
}